<record><leader>00000cas a2200000 a 4500</leader><controlfield tag="001">30804117</controlfield><controlfield tag="007">hd afu---baca</controlfield><controlfield tag="008">940721d18671871nbuwr nea     0    0eng d</controlfield><datafield ind1=" " ind2=" " tag="010"><subfield code="a">sn 94055326 </subfield></datafield><datafield ind1=" " ind2=" " tag="040"><subfield code="a">NVG</subfield><subfield code="b">eng</subfield><subfield code="c">NVG</subfield><subfield code="d">OCL</subfield><subfield code="d">UBY</subfield><subfield code="d">OCLCQ</subfield><subfield code="d">OCLCF</subfield><subfield code="d">OCLCO</subfield><subfield code="d">OCLCQ</subfield></datafield><datafield ind1=" " ind2=" " tag="042"><subfield code="a">msc</subfield></datafield><datafield ind1=" " ind2=" " tag="043"><subfield code="a">n-us-nb</subfield></datafield><datafield ind1="0" ind2=" " tag="130"><subfield code="a">Omaha weekly Republican (Omaha, Neb. : 1867)</subfield></datafield><datafield ind1="1" ind2="0" tag="245"><subfield code="a">Omaha weekly Republican.</subfield></datafield><datafield ind1="3" ind2="0" tag="246"><subfield code="a">Weekly Omaha Republican</subfield></datafield><datafield ind1="1" ind2="3" tag="246"><subfield code="a">Omaha Republican</subfield></datafield><datafield ind1="3" ind2="0" tag="246"><subfield code="a">Weekly Republican</subfield></datafield><datafield ind1=" " ind2=" " tag="260"><subfield code="a">[Omaha, Neb.] :</subfield><subfield code="b">St. A.D. Balcombe</subfield></datafield><datafield ind1=" " ind2=" " tag="300"><subfield code="a">volumes</subfield></datafield><datafield ind1=" " ind2=" " tag="310"><subfield code="a">Weekly</subfield></datafield><datafield ind1=" " ind2=" " tag="336"><subfield code="a">text</subfield><subfield code="b">txt</subfield><subfield code="2">rdacontent</subfield></datafield><datafield ind1=" " ind2=" " tag="337"><subfield code="a">microform</subfield><subfield code="b">h</subfield><subfield code="2">rdamedia</subfield></datafield><datafield ind1=" " ind2=" " tag="338"><subfield code="a">microfilm reel</subfield><subfield code="b">hd</subfield><subfield code="2">rdacarrier</subfield></datafield><datafield ind1="0" ind2=" " tag="362"><subfield code="a">Vol. 9, no. 159 (Jan. 25, 1867)-v. 13, no. 12 (June 14, 1871).</subfield></datafield><datafield ind1=" " ind2=" " tag="500"><subfield code="a">Published as: Weekly Republican, Apr. 12-May 3, 1867.</subfield></datafield><datafield ind1=" " ind2=" " tag="500"><subfield code="a">"Weekly" appears above masthead ornament.</subfield></datafield><datafield ind1=" " ind2=" " tag="580"><subfield code="a">Daily ed.: Omaha daily Republican (Omaha, Neb. :1866).</subfield></datafield><datafield ind1=" " ind2=" " tag="580"><subfield code="a">Merged wth: Omaha weekly tribune (Omaha, Neb. : 1870), to form: Omaha weekly tribune and Republican.</subfield></datafield><datafield ind1=" " ind2=" " tag="533"><subfield code="a">Microfilm.</subfield><subfield code="b">[S.l. :</subfield><subfield code="c">s.n.].</subfield><subfield code="e">2 microfilm reels ; 35 mm.</subfield></datafield><datafield ind1=" " ind2="0" tag="651"><subfield code="a">Omaha (Neb.)</subfield><subfield code="v">Newspapers.</subfield></datafield><datafield ind1=" " ind2="7" tag="651"><subfield code="a">Nebraska</subfield><subfield code="z">Omaha.</subfield><subfield code="2">fast</subfield><subfield code="0">(OCoLC)fst01204995</subfield></datafield><datafield ind1=" " ind2="7" tag="655"><subfield code="a">Newspapers.</subfield><subfield code="2">fast</subfield><subfield code="0">(OCoLC)fst01423814</subfield></datafield><datafield ind1=" " ind2=" " tag="752"><subfield code="a">United States</subfield><subfield code="b">Nebraska</subfield><subfield code="c">Douglas</subfield><subfield code="d">Omaha.</subfield></datafield><datafield ind1="1" ind2=" " tag="775"><subfield code="t">Omaha daily Republican (Omaha, Neb. : 1866)</subfield><subfield code="w">(DLC)sn 94055476</subfield></datafield><datafield ind1="0" ind2="0" tag="780"><subfield code="t">Nebraska Republican (Omaha, Neb. : 1864)</subfield><subfield code="w">(DLC)sn 94055327</subfield></datafield><datafield ind1="1" ind2="7" tag="785"><subfield code="t">Omaha weekly tribune (Omaha, Neb. : 1870)</subfield><subfield code="w">(DLC)sn 94055325</subfield></datafield><datafield ind1="1" ind2="7" tag="785"><subfield code="t">Omaha weekly tribune and Republican</subfield><subfield code="w">(DLC)sn 94055329</subfield></datafield><datafield ind1="1" ind2=" " tag="029"><subfield code="a">AU@</subfield><subfield code="b">000022177140</subfield></datafield></record>